%% This BibTeX bibliography file was created using BibDesk.
%% http://bibdesk.sourceforge.net/


%% Created for David Sanán at 2012-10-31 15:13:19 +0000
@TECHREPORT {compassd241,
    author = "Marcel V. M. Oliveira and Augusto C. A. Sampaio and Pedro R. G.
    Antonino and Rodrigo T. Ramos and Ana L. C. Cavalcanti and Jim C. P. Woodcock",
    title  = "{Compositional Analysis and Design of CML Models}",
    institution = "COMPASS Deliverable",
    year   = "2013",
    number = "D24.1",
    note   = "\url{http://www.compass-research.eu/Project/Deliverables/D241.pdf}"
}

@inproceedings{SunLDP09,
  author    = {Jun Sun and Yang Liu and Jin Song Dong and Jun Pang},
  title     = {PAT: Towards Flexible Verification under Fairness},
  journal   = {Proceedings of the 21th International Conference on Computer Aided Verification (CAV'09)},
  year      = {2009},
   publisher = {Springer},
  pages     = {709-714},
  series    = {Lecture Notes in Computer Science},
  volume    = {5643},
}


@inproceedings{DBLP:conf/sbmf/ButterfieldC09,
  author    = {Andrew Butterfield and
               Art {\'{O}} Cath{\'{a}}in},
  title     = {Concurrent Models of Flash Memory Device Behaviour},
  pages     = {70--83},
  year      = {2009},
  crossref  = {DBLP:conf/sbmf/2009},
  url       = {https://doi.org/10.1007/978-3-642-10452-7_6},
  doi       = {10.1007/978-3-642-10452-7_6},
  timestamp = {Thu, 15 Jun 2017 21:33:57 +0200},
  biburl    = {http://dblp.org/rec/bib/conf/sbmf/ButterfieldC09},
  bibsource = {dblp computer science bibliography, http://dblp.org}
}

@proceedings{DBLP:conf/sbmf/2009,
  editor    = {Marcel Vinicius Medeiros Oliveira and
               Jim Woodcock},
  title     = {Formal Methods: Foundations and Applications, 12th Brazilian Symposium
               on Formal Methods, {SBMF} 2009, Gramado, Brazil, August 19-21, 2009,
               Revised Selected Papers},
  series    = {Lecture Notes in Computer Science},
  volume    = {5902},
  publisher = {Springer},
  year      = {2009},
  url       = {https://doi.org/10.1007/978-3-642-10452-7},
  doi       = {10.1007/978-3-642-10452-7},
  isbn      = {978-3-642-10451-0},
  timestamp = {Thu, 15 Jun 2017 21:33:57 +0200},
  biburl    = {http://dblp.org/rec/bib/conf/sbmf/2009},
  bibsource = {dblp computer science bibliography, http://dblp.org}
}

@inproceedings{DBLP:conf/asm/GomesB16,
  author    = {Artur Oliveira Gomes and
               Andrew Butterfield},
  title     = {Modelling the Haemodialysis Machine with Circus},
  pages     = {409--424},
  year      = {2016},
  crossref  = {DBLP:conf/asm/2016},
  url       = {https://doi.org/10.1007/978-3-319-33600-8_34},
  doi       = {10.1007/978-3-319-33600-8_34},
  timestamp = {Sat, 16 Sep 2017 12:09:38 +0200},
  biburl    = {http://dblp.org/rec/bib/conf/asm/GomesB16},
  bibsource = {dblp computer science bibliography, http://dblp.org}
}

@proceedings{DBLP:conf/asm/2016,
  editor    = {Michael J. Butler and
               Klaus{-}Dieter Schewe and
               Atif Mashkoor and
               Mikl{\'{o}}s Bir{\'{o}}},
  title     = {Abstract State Machines, Alloy, B, TLA, VDM, and {Z} - 5th International
               Conference, {ABZ} 2016, Linz, Austria, May 23-27, 2016, Proceedings},
  series    = {Lecture Notes in Computer Science},
  volume    = {9675},
  publisher = {Springer},
  year      = {2016},
  url       = {https://doi.org/10.1007/978-3-319-33600-8},
  doi       = {10.1007/978-3-319-33600-8},
  isbn      = {978-3-319-33599-5},
  timestamp = {Sat, 16 Sep 2017 12:09:38 +0200},
  biburl    = {http://dblp.org/rec/bib/conf/asm/2016},
  bibsource = {dblp computer science bibliography, http://dblp.org}
}

@book{UsingZ,
	Author = {Jim Woodcock and Jim Davies},
	Keywords = {Z, formal methods},
	Publisher = {Prentice-Hall},
	Title = {Using Z},
	Url = {www.usingZ.com},
	Year = {1996},
}

@inproceedings{Tuch_KN_07,
    publisher        = {ACM},
    author           = {Harvey Tuch and Gerwin Klein and Michael Norrish},
    month            = {jan},
    editor           = {Martin Hofmann and Matthias Felleisen},
    year             = {2007},
    title            = {Types, Bytes, and Separation Logic},
    booktitle        = {Proceedings of the 34th ACM SIGPLAN-SIGACT Symposium on Principles of Programming Languages},
    pages            = {97--108},
    address          = {Nice, France}
  }

@inproceedings{FDR3,
   title={{FDR3 --- A Modern Refinement Checker for CSP}},
   author={Thomas Gibson-Robinson and Philip Armstrong and Alexandre Boulgakov and A.W. Roscoe},
   booktitle={Tools and Algorithms for the Construction and Analysis of Systems},
   year = {2014},
   pages = {187-201},
   volume={8413},
   series={Lecture Notes in Computer Science},
   editor={Ábrahám, Erika and Havelund, Klaus},
}

@Book{hoare-1985:commuseque:,
  author =	"C. A. R. Hoare",
  title =	"Communicating sequential processes",
  publisher =	"Prentice-Hall International",
  year = 	"1985",
  series =	"computer science",
  address =	"Englewood Cliffs, N.J",
}

@phdthesis{Tuch:phd,
  school           = {UNSW},
  author           = {Harvey Tuch},
  title            = {Formal Memory Models for Verifying {C} Systems Code},
  address          = {Sydney, Australia},
  month            = {aug},
  year             = {2008}
}

@Article{hoare-1969:axiombasis:journal:576,
  author =	"C. A. R. Hoare",
  title =	"An axiomatic basis for computer programming",
  journal =	"Communications of the ACM",
  year = 	"1969",
  volume =	"12",
  number =	"10",
  pages =	"576--583",
}

@Article{Dijkstra75,
  author =	"E. W. Dijkstra",
  title =	"Guarded Commands, Nondeterminancy and Formal
		 Derivation of Programs",
  journal =	"CACM",
  volume =	"18",
  number =	"8",
  month =	aug,
  year = 	"1975",
  pages =	"453--457",
  annote =	"Weakest precondition semantics of the guarded command
		 language, which is introduced in this paper. 2
		 references.",
}

@inproceedings{CRM10,
  author    = {Alfons Crespo and
               Ismael Ripoll and
               Miguel Masmano},
  title     = {Partitioned Embedded Architecture Based on Hypervisor: The
               XtratuM Approach},
  booktitle = {Eighth European Dependable Computing Conference, EDCC-8
               2010, Valencia, Spain, 28-30 April 2010},
  year      = {2010},
  pages     = {67-72},
  publisher = {IEEE Computer Society}
}

@InProceedings{conf/fortest/Tretmans08,
  title =	"Model Based Testing with Labelled Transition Systems",
  author =	"Jan Tretmans",
  bibdate =	"2008-04-21",
  bibsource =	"DBLP,
		 http://dblp.uni-trier.de/db/conf/fortest/fortest2008.html#Tretmans08",
  booktitle =	"Formal Methods and Testing, An Outcome of the
		 {FORTEST} Network, Revised Selected Papers",
  publisher =	"Springer",
  year = 	"2008",
  volume =	"4949",
  editor =	"Robert M. Hierons and Jonathan P. Bowen and Mark
		 Harman",
  ISBN = 	"978-3-540-78916-1",
  pages =	"1--38",
  series =	"Lecture Notes in Computer Science",
  URL =  	"http://dx.doi.org/10.1007/978-3-540-78917-8_1",
}

@TechReport{N08,
  author =       {Michael Norrish},
  title =        {A Formal Semantics for C++},
  institution =  {NICTA},
  year =         {2008}
}

@techreport{PPZRM,
  author = {Rob Arthan},
  title = "{P}roof{P}ower {Z} {R}eference {M}anual.",
  institution = {Lemma 1 Ltd},
  year = {2006}
}

@InProceedings{R10,
year = {2010},
booktitle={Design and Verification of Microprocessor Systems for High-Assurance Applications},
editor={Hardin, David S.},
title={Modeling and Security Analysis of a Commercial Real-Time Operating System Kernel},
publisher={Springer US},
author={Richards, RaymondJ.},
pages={301-322}
}

@TECHREPORT{MTOBSE-D03,
  AUTHOR =       {A. Butterfield and D. Sanan},
  TITLE =        {D03: {R}eference specification for a partitioning kernel and a separation kernel},
  INSTITUTION =  {Lero},
  YEAR =         {2013},
  number =       {Version 8.1},
  note =         {{ESTEC} Contract No. 4000106016, comprising 3 documents: SRS, ADD, ICD},
}



@TECHREPORT{MTOBSE-SRS,
  AUTHOR =       {A. Butterfield and D. Sanan},
  TITLE =        {{S}oftware {R}equirement {S}pecification {(MTOBSE D03i4 - SRS)}},
  INSTITUTION =  {Lero},
  YEAR =         {2013},
  number =       {Version 8.1},
  note =         {{ESTEC} Contract No. 4000106016},
}

@TECHREPORT{MTOBSE-ADD,
  AUTHOR =       {A. Butterfield and D. Sanan},
  TITLE =        {{A}rchitectural {D}esign {D}ocument {(MTOBSE D03i4 - ADD)}},
  INSTITUTION =  {Lero},
  YEAR =         {2013},
  number =       {Version 8.1},
  note =         {{ESTEC} Contract No. 4000106016},
}

@TECHREPORT{MTOBSE-ICD,
  AUTHOR =       {A. Butterfield and D. Sanan},
  TITLE =        {{I}nterface {C}ontrol {D}ocument {(MTOBSE D03i4 - ICD)}},
  INSTITUTION =  {Lero},
  YEAR =         {2013},
  number =       {Version 8.1},
  note =         {{ESTEC} Contract No. 4000106016},
}

@TECHREPORT{MTOBSE-D04,
  AUTHOR =       {A. Butterfield and D. Sanan},
  TITLE =        {D04: {T}ask 3: {A} formal verification process: approaches; feasibility; cost},
  INSTITUTION =  {Lero},
  YEAR =         {2013},
  number =       {Version 4.0},
  note =         {{ESTEC} Contract No. 4000106016},
}

@TECHREPORT{MTOBSE-D06,
  AUTHOR =       {A. Butterfield and D. Sanan},
  TITLE =        {D06: {E}valuation of formal language,
                        formal methods and modelling languages suitable
                        for implementing an abstract specification},
  INSTITUTION =  {Lero},
  YEAR =         {2013},
  number =       {Version 1.0},
  note =         {{ESTEC} Contract No. 4000106016},
}

@TECHREPORT{MTOBSE-D07,
  AUTHOR =       {A. Butterfield and D. Sanan},
  TITLE =        {D07: {A}bstract {S}pecification},
  INSTITUTION =  {Lero},
  YEAR =         {2013},
  number =       {Version 4.0},
  note =         {{ESTEC} Contract No. 4000106016},
}

@TECHREPORT{MTOBSE-D08,
  AUTHOR =       {A. Butterfield and D. Sanan},
  TITLE =        {D08: {A}ssessment of the formal verification process},
  INSTITUTION =  {Lero},
  YEAR =         {2013},
  number =       {Version 2.0},
  note =         {{ESTEC} Contract No. 4000106016},
}

@TECHREPORT{FMEIMAKQP-R1,
  AUTHOR =       {A. Butterfield},
  TITLE =        {R1: Formal Methods Expertise---Final Report},
  INSTITUTION =  {Lero@TCD},
  YEAR =         {2016},
  number =       {FMEIMAKQP FR, Version 1.0},
  note =         {{ESTEC} Contract No. 4000112208},
}

@inproceedings {MTOBSE-DASIA13,
  author = "A. Butterfield and D. Sanan and M. Hinchey",
  month = "May",
  booktitle = "DASIA 2013, The International Space System Engineering Conference",
  year = "2013",
  title = "Towards Formal Verification of a Separation Microkernel",
  publisher = "ASD-Eurospace",
  address = "Porto"
}

@inproceedings {MTOBSE-DASIA14,
  author = "A. Butterfield and D. Sanan and M. Hinchey",
  month = "June",
  booktitle = "DASIA 2014, The International Space System Engineering Conference",
  year = "2014",
  title = "Formalisation of a separation micro-kernel for common criteria certification",
  publisher = "ASD-Eurospace",
  address = "Warszawa"
}

@inproceedings { FMEIMAKQP-DASIA15,
  author = "A. Butterfield and M. Hinchey",
  month = "June",
  booktitle = "DASIA 2015, The International Space System Engineering Conference",
  year = "2015",
  title = "Towards the adoption of formal techniques for kernel qualification",
  publisher = "ASD-Eurospace",
  address = "Barcelona"
}

@inproceedings { FMEIMAKQP-DASIA16,
  author = "A. Butterfield and Alexandre Cortier and Kevin Hennessy and M. Hinchey",
  month = "June",
  booktitle = "DASIA 2016, The International Space System Engineering Conference",
  year = "2016",
  title = "Towards formal verification of interrupts and hypercalls",
  publisher = "ASD-Eurospace",
  address = "Tallinn"
}

@inproceedings { Lero-DASIA17,
  author = "A. Butterfield and Ciaran Costelloe.",
  month = "JUNE",
  booktitle = "DASIA 2017, The International Space System Engineering Conference",
  year = "2017",
  title = "Domain-Specific Languages for Requirements Modelling
              (with a focus on IMA Separation Kernels)",
  publisher = "ASD-Eurospace",
  address = "Gothenborg"
}


@MANUAL{Frama-C:user:Neon,
  title =        {Frama-{C} {U}ser {M}anual},
  author =       {Lo{\"\i}c Correnson and others},
  organization = {CEA List, Software Safety Laboratory},
  address =      {Saclay, F-91191},
  edition =      {Release Neon-20140301},
  year =         {2014},
  note =         {\url{http://frama-c.com/download/ frama-c-user-manual.pdf}},
}

@MANUAL{Frama-C:user:Magnesium,
  title =        {Frama-{C} {U}ser {M}anual},
  author =       {Lo{\"\i}c Correnson and others},
  organization = {CEA List, Software Safety Laboratory},
  address =      {Saclay, F-91191},
  edition =      {Release Magensium-20151002},
  year =         {2015},
  note =         {\url{http://frama-c.com/download/}\\\url{frama-c-user-manual.pdf}},
}


@TECHREPORT{IMA-SP12,
  AUTHOR =       {R\'egis de Ferluc},
  TITLE =        {Report {D10 --- TSP Services Specification}},
  INSTITUTION =  {ESTEC},
  YEAR =         {2012},
  type =         {IMA-SP/D10},
  number =       {Issue 2.1},
  month =        {March},
  note =         {Contract ESTEC 4000100764},
}

@InProceedings{Saa97,
  author =	"M. Saaltink",
  title =	"The {Z}/{EVES} system",
  booktitle =	"Proc. 10th Int. Conf. on the Z Formal Method (ZUM)",
  year = 	"1997",
  month =	apr,
  series =	"Lecture Notes in Computer Science",
  volume =	"1212",
  editor =	"J. Bowen and M. Hinchey and D. Till",
  pages =	"72--88",
  address =	"Reading, UK",
  publisher =	"Springer-Verlag, Berlin",
  keyword =	"Z, theorem prover",
}

@Article{TOPLAS::ClarkeES1986,
  title =	"Automatic Verification of Finite-State Concurrent
		 Systems Using Temporal Logic Specifications",
  author =	"Edmund M. {Clarke Jr.} and E. Allen Emerson and A.
		 Prasad Sistla",
  journal =	"ACM Transactions on Programming Languages and
		 Systems",
  pages =	"244--263",
  month =	apr,
  year = 	"1986",
  volume =	"8",
  number =	"2",
}


@InProceedings{QuSi82,
  address =	"New York",
  author =	"J. P. Queille and J. Sifakis",
  booktitle =	"Proceedings of the Fifth International Symposium in
		 Programming",
  key =  	"QuSi82",
  pages =	"337--351",
  publisher =	"Springer",
  series =	"Lecture Notes in Computer Science",
  title =	"Specification and Verification of Concurrent Systems
		 in {CESAR}",
  volume =	"137",
  year = 	"1982",
}

@Article{CGL94,
  author =	"E. Clarke and D. Grumberg and D. Long",
  title =	"Model Checking and Abstraction",
  journal =	"ACM Transactions on Programming Languages and
		 Systems",
  volume =	"16",
  number =	"5",
  year = 	"1994",
  pages =	"1512--1542",
  keyword =	"model checking",
}

@InProceedings{VCC09,
  author =	"Ernie Cohen and Markus Dahlweid and Mark Hillebrand
		 and Dirk Leinenbach and Micha{\l} Moskal and Thomas
		 Santen and Wolfram Schulte and Stephan Tobies",
  title =	"{VCC}: {A} Practical System for Verifying Concurrent
		 {C}",
  booktitle =	"Theorem Proving in Higher Order Logics, 22nd
		 International Conference, TPHOLs 2009",
  pages =	"23--42",
  editor =	"Stefan Berghofer and Tobias Nipkow and Christian Urban
		 and Makarius Wenzel",
  volume =	"5674",
  series =	"Lecture Notes in Computer Science",
  publisher =	"Springer-Verlag",
  address =	"Berlin",
  month =	aug,
  year = 	"2009",
}
@incollection{b-method,
year={1991},
isbn={978-3-540-54868-3},
booktitle={VDM '91 Formal Software Development Methods},
volume={552},
series={Lecture Notes in Computer Science},
editor={Prehn, Søren and Toetenel, Hans},
doi={10.1007/BFb0020001},
title={The B-method},
url={http://dx.doi.org/10.1007/BFb0020001},
publisher={Springer Berlin Heidelberg},
author={Abrial, J.-R. and Lee, M.K.O. and Neilson, D.S. and Scharbach, P.N. and Sørensen, I.H.},
pages={398-405}
}


@Book{Paulson94,
  author =	"Lawrence C. Paulson",
  title =	"Isabelle: a generic theorem prover",
  volume =	"828",
  publisher =	"Springer-Verlag",
  year = 	"1994",
  isbn_issn =	"3-540-58244-4, 0-387-58244-4",
  series =	"LNCS",
}

@Book{NPW02,
  author	= {Tobias Nipkow and Lawrence C. Paulson and Markus Wenzel},
  title		= {Isabelle/HOL --- A Proof Assistant for Higher-Order Logic},
  publisher	= {Springer},
  series	= {LNCS},
  volume	= 2283,
  year		= 2002}

@Book{Holzmann03,
  author =	"Gerard J. Holzmann",
  title =	"The {SPIN} Model Checker",
  publisher =	"Pearson Education",
  year = 	"2003",
}
@inproceedings{cade92-pvs,
    AUTHOR = {{S.} Owre and {J.} {M.} Rushby and and {N.} Shankar},
    TITLE = {{PVS:} {A} Prototype Verification System},
    BOOKTITLE = {11th International Conference on Automated Deduction (CADE)},
    YEAR = {1992},
    EDITOR = {Deepak Kapur},
    SERIES = {Lecture Notes in Artificial Intelligence},
    VOLUME = {607},
    PAGES = {748--752},
    ADDRESS = {Saratoga, {NY}},
    MONTH = {jun},
    PUBLISHER = {Springer-Verlag},
    URL = {http://www.csl.sri.com/papers/cade92-pvs/}
}

@inproceedings{AHLSS08,
AUTHOR = {Alkassar, Eyad and Hillebrand, Mark A. and Leinenbach, Dirk and Schirmer, Norbert W. and Starostin, Artem},
TITLE = {The Verisoft Approach to Systems Verification},
VOLUME = {5295},
YEAR = {2008},
PAGES = {209--224},
SERIES = {LNCS},
BOOKTITLE = {2nd IFIP Working Conference on Verified Software: Theories, Tools, and Experiments (VSTTE'08)},
PUBLISHER = {Springer},
EDITOR = {Natarajan Shankar and Jim Woodcock},
EE = {http://dx.doi.org/10.1007/978-3-540-87873-5_18},
}

@inproceedings{AHWP10,
 author = {Alkassar, Eyad and Hillebrand, Mark A. and Paul, Wolfgang J. and Petrova, Elena},
 title = {Automated verification of a small hypervisor},
 booktitle = {Proceedings of the Third international conference on Verified software: theories, tools, experiments},
 series = {VSTTE'10},
 year = {2010},
 isbn = {3-642-15056-X, 978-3-642-15056-2},
 location = {Edinburgh, UK},
 pages = {40--54},
 numpages = {15},
 url = {http://dl.acm.org/citation.cfm?id=1884866.1884871},
 acmid = {1884871},
 publisher = {Springer-Verlag},
 address = {Berlin, Heidelberg}
}


@techreport{AFBMRTO02,
	Author = {Alves-Foss, J. and Rinker, B. and Benke, M. and Marshall, J. and O'Connel, P. and Taylor,C.},
	Date-Added = {2012-10-31 15:08:28 +0000},
	Date-Modified = {2012-10-31 15:08:28 +0000},
	Publisher = {University of Idaho},
	Title = {Formal Modelling of Security Policies for Multi-parition Systems},
	Year = {2002}}

@techreport{AFBMRTO02a,
	Author = {Alves-Foss, J. and Rinker, B. and Benke, M. and Marshall, J. and O'Connel, P. and Taylor, C.},
	Date-Added = {2012-10-31 15:08:28 +0000},
	Date-Modified = {2012-10-31 15:08:28 +0000},
	Publisher = {University of Idaho},
	Title = {The Idaho Partitioning Machine},
	Year = {2002}}

@techreport{ARINC,
	Author = {ARINC},
	Date-Added = {2012-10-31 15:08:28 +0000},
	Date-Modified = {2012-10-31 15:08:28 +0000},
	Title = {ARINC Specification 653-2: Avionics Application Software Standard Interface Part 1 - Required Services. },
	Institution = {Aeronautical Radio INC},
	Year = {2005}}

@misc{AtelierB,
  howpublished = "{http://www.atelierb.eu/}"
}

@misc{CZT,
  howpublished = "{http://sourceforge.net/projects/czt/}"
}

@misc{Event-B,
  howpublished= "{http://www.event-b.org/index.html}"
}

@MISC{B89,
    author = {William R. Bevier},
    title = {Kit: A Study in Operating System Verification},
    journal = {IEEE Trans. Softw. Eng.},
    keywords = {formal-os-verification},
    month = nov,
    number = {11},
    pages = {1382--1396},
    year = {1989}
}

@inproceedings{B09,
	Address = {Aachen, Germany},
	Author = {Andrew Boyton},
	Booktitle = {Proceedings of the 4th Workshop on Systems Software Verification},
	Date-Added = {2012-10-31 15:08:28 +0000},
	Date-Modified = {2012-10-31 15:08:28 +0000},
	Editor = {Gerwin Klein and Ralf Huuck and Bastian Schlich},
	Month = {Oct},
	Pages = {25--44},
	Publisher = {Elsevier},
	Series = {Electronic Notes in Computer Science},
	Title = {A Verified Shared Capability Model},
	Volume = {254},
	Year = {2009}}

@InProceedings{ BBT11,
	AUTHOR = "C. Baumann and H. Blasum and T. Bormer and S. Tverdyshev",
	TITLE = "Proving Memory Separation in a Microkernel by Code Level Verification",
	YEAR = "2011",
	ADDRESS = "Newport Beach, CA, USA",
	BOOKTITLE = "1st International Workshop on Architectures and Applications for Mixed-Criticality Systems (AMICS 2011)",
	PUBLISHER = "IEEE Computer Society",
	EDITOR = "Wilfried Steiner and Roman Obermaisser"
}


@inproceedings{BBBB09a,
	Author = {Christoph Baumann and Bernhard Beckert and Holger Blasum and Thorsten Bormer},
	Bibdate = {2009-09-06},
	Bibsource = {DBLP, http://dblp.uni-trier.de/db/conf/safecomp/safecomp2009.html#BaumannBBB09},
	Booktitle = {SAFECOMP},
	Date-Added = {2012-10-31 15:08:28 +0000},
	Date-Modified = {2012-10-31 15:08:28 +0000},
	Editor = {Bettina Buth and Gerd Rabe and Till Seyfarth},
	File = {:/Users/andrewbutterfield/Documents/Lero/ESA/Papers/RD-06.pdf:PDF},
	Isbn = {978-3-642-04467-0},
	Pages = {187--200},
	Publisher = {Springer},
	Series = {Lecture Notes in Computer Science},
	Title = {Formal Verification of a Microkernel Used in Dependable Software Systems},
	Url = {http://dx.doi.org/10.1007/978-3-642-04468-7},
	Volume = {5775},
	Year = {2009},
	Bdsk-Url-1 = {http://dx.doi.org/10.1007/978-3-642-04468-7}}

@INPROCEEDINGS{BBBB09b,
    author = {Christoph Baumann and Bernhard Beckert and Holger Blasum and Thorsten Bormer},
    title = {Better avionics software reliability by code verification – A glance at code verification methodology in the Verisoft XT project},
    booktitle = {In Embedded World 2009 Conference},
    year = {2009}
}

@InProceedings{ BBT11,
	AUTHOR = "C. Baumann and H. Blasum and T. Bormer and S. Tverdyshev",
	TITLE = "Proving Memory Separation in a Microkernel by Code Level Verification",
	YEAR = "2011",
	ADDRESS = "Newport Beach, CA, USA",
	BOOKTITLE = "1st International Workshop on Architectures and Applications for Mixed-Criticality Systems (AMICS 2011)",
	PUBLISHER = "IEEE Computer Society",
	EDITOR = "Wilfried Steiner and Roman Obermaisser"
}

@MISC{BKM95,
    author = {Robert S. Boyer and Matt Kaufmann and J Strother Moore},
    title = {The Boyer-Moore Theorem Prover and Its Interactive Enhancement},
    year = {1995}
}

@ARTICLE{BFM99,
    author = {Jean Paul Bodeveix and Mamoun Filali and César A. Muñoz},
    title = {A Formalization of the B-Method in Coq and PVS},
    journal = {LNCS},
    year = {1999},
    volume = {1709},
    pages = {33--49}
}

@InProceedings{Cohen:PSI2009-43,
AUTHOR = {Cohen, E. and Alkassar, A. and Boyarinov, V. and Dahlweid, M. and Degenbaev, U. and Hillebrand, M. and Langenstein, B. and Leinenbach, D. and Moskal, M. and Obua, S. and Paul, W. and Pentchev, H. and Petrova, E. and Santen, T. and Schirmer, N. and Schmaltz, S. and Schulte, W. and Shadrin, A. and Tobies, S. and Tsyban, A. and Tverdyshev, S.},
TITLE = {Invariants, Modularity, and Rights},
VOLUME = {5947},
YEAR = {2009},
PAGES = {43--55},
SERIES = {Lecture Notes in Computer Science},
BOOKTITLE = {Perspectives of Systems Informatics (PSI 2009)},
PUBLISHER = {Springer},
EDITOR = {Amir Pnueli and Irina Virbitskaite and Andrei Voronkov},
EE = {http://dx.doi.org/10.1007/978-3-642-11486-1_4},
}

@inproceedings{CDHLMSST09,
  author    = {Ernie Cohen and
               Markus Dahlweid and
               Mark A. Hillebrand and
               Dirk Leinenbach and
               Michal Moskal and
               Thomas Santen and
               Wolfram Schulte and
               Stephan Tobies},
  title     = {VCC: A Practical System for Verifying Concurrent C},
  booktitle = {TPHOLs},
  year      = {2009},
  pages     = {23-42},
  title     = {Theorem Proving in Higher Order Logics, 22nd International
               Conference, TPHOLs 2009, Munich, Germany, August 17-20,
               2009. Proceedings},
 publisher = {Springer},
 series    = {Lecture Notes in Computer Science}
}

@book{CGP01,
  author    = {Edmund M. Clarke and
               Orna Grumberg and
               Doron Peled},
  title     = {Model checking},
  publisher = {MIT Press},
  year      = {2001},
  isbn      = {978-0-262-03270-4},
  pages     = {I-XIV, 1-314},
  ee        = {http://books.google.de/books?id=Nmc4wEaLXFEC},
  bibsource = {DBLP, http://dblp.uni-trier.de}
}

@inproceedings{CMST10,
  author    = {Ernie Cohen and
               Michal Moskal and
               Wolfram Schulte and
               Stephan Tobies},
  title     = {Local Verification of Global Invariants in Concurrent Programs},
  booktitle = {CAV},
  year      = {2010},
  pages     = {480-494},

}



@article{Dashofy2005comprehensive,
	Author = {Eric M. Dashofy and Andr{\'e} van der Hoek and Richard N. Taylor},
	Bibsource = {DBLP, http://dblp.uni-trier.de},
	Date-Added = {2012-10-31 15:08:28 +0000},
	Date-Modified = {2012-10-31 15:08:28 +0000},
	Ee = {http://doi.acm.org/10.1145/1061254.1061258},
	Journal = {ACM Trans. Softw. Eng. Methodol.},
	Number = {2},
	Owner = {gb},
	Pages = {199-245},
	Timestamp = {2010.04.21},
	Title = {A comprehensive approach for the development of modular software architecture description languages},
	Volume = {14},
	Year = {2005}
}

@incollection{DGM09,
 author = {D{\'e}harbe, David and Galv\~{a}o, Stephenson and Moreira, Anamaria Martins},
 chapter = {Formalizing FreeRTOS: First Steps},
 title = {Formal Methods: Foundations and Applications},
 editor = {Oliveira, Marcel Vin\'{\i}cius and Woodcock, Jim},
 year = {2009},
 isbn = {978-3-642-10451-0},
 pages = {101--117},
 numpages = {17},
 url = {http://dx.doi.org/10.1007/978-3-642-10452-7_8},
 doi = {10.1007/978-3-642-10452-7_8},
 acmid = {1693668},
 publisher = {Springer-Verlag},
 address = {Berlin, Heidelberg}
}


@inproceedings{DSS09,
 author = {Daum, Matthias and Schirmer, Norbert W. and Schmidt, Mareike},
 title = {Implementation Correctness of a Real-Time Operating System},
 booktitle = {Proceedings of the 2009 Seventh IEEE International Conference on Software Engineering and Formal Methods},
 series = {SEFM '09},
 year = {2009},
 isbn = {978-0-7695-3870-9},
 pages = {23--32},
 numpages = {10},
 url = {http://dx.doi.org/10.1109/SEFM.2009.14},
 doi = {10.1109/SEFM.2009.14},
 acmid = {1685413},
 publisher = {IEEE Computer Society},
 address = {Washington, DC, USA},
 keywords = {Real-Time Operating System, Pervasive Verification, Refinement Proof, C Code Verification}
}


@techreport{ECSS-Q-ST-80C,
	Author = {{ECSS}},
	Date-Added = {2012-10-31 15:08:28 +0000},
	Date-Modified = {2012-10-31 15:08:28 +0000},
	Institution = {{ECSS}},
	Owner = {gb},
	Timestamp = {2010.04.21},
	Title = {Space product assurance (ECSS-Q-ST-80C)},
	Year = {2009}}

@inproceedings{EDE08,
	Address = {Glasgow, UK},
	Author = {Dhammika Elkaduwe and Philip Derrin and Kevin Elphinstone},
	Booktitle = {1st Workshop on Isolation and Integration in Embedded Systems},
	Date-Added = {2012-10-31 15:08:28 +0000},
	Date-Modified = {2012-10-31 15:08:28 +0000},
	Doi = {10.1145/1435458},
	Month = {Apr},
	Organization = {ACM SIGOPS},
	Pages = {35-40},
	Title = {Kernel Design for Isolation and Assurance of Physical Memory},
	Year = {2008},
	Bdsk-Url-1 = {http://dx.doi.org/10.1145/1435458}}

@inproceedings{EKE08,
	Address = {Toronto, Canada},
	Author = {Dhammika Elkaduwe and Gerwin Klein and Kevin Elphinstone},
	Booktitle = {Second IFIP Working Conference on Verified Software: Theories, Tools, and Experiments (VSTTE 2008)},
	Date-Added = {2012-10-31 15:08:28 +0000},
	Date-Modified = {2012-10-31 15:08:28 +0000},
	Editor = {Jim Woodcock and Natarajan Shankar},
	Month = oct,
	Pages = {99--114},
	Publisher = {Springer},
	Series = {LNCS},
	Title = {Verified Protection Model of the {seL4} Microkernel},
	Volume = 5295,
	Year = 2008}

@inproceedings{EKK06,
	Address = {Seattle, USA},
	Author = {Kevin Elphinstone and Gerwin Klein and Rafal Kolanski},
	Booktitle = {Workshop on Verified Software: Theories, Tools, and Experiments (VSTTE 06)},
	Date-Added = {2012-10-31 15:08:28 +0000},
	Date-Modified = {2012-10-31 15:08:28 +0000},
	Editor = {Rustan Leino},
	Month = Aug,
	Pages = {1-7},
	Series = {Microsoft Research Technical Report MSR-TR-2006-117},
	Title = {Formalising a High-Performance Microkernel},
	Year = {2006}}

@misc{esa/sow/mth:tool:SE/10,
	Author = {{ESA}},
	Date-Added = {2012-10-31 15:08:28 +0000},
	Date-Modified = {2012-10-31 15:08:28 +0000},
	File = {:/Users/andrewbutterfield/Documents/Lero/ESA/Tender/SoW v15.pdf:PDF},
	Howpublished = {Statement of Work (TEC-SW/09-301/SoW)},
	Month = {September},
	Note = {Issue: 1, Revision r0},
	Owner = {gb},
	Timestamp = {2010.04.21},
	Title = {Method and tools for On-Board software engineering},
	Year = {2010}}


@TECHREPORT{F80,
  TITLE = {A Technique for Proving Specifications are Multilevel
		Secure},
  AUTHOR = {R. J. Feiertag},
  NUMBER = {CSL-109},
  MONTH = JAN,
  YEAR = 1980,
  INSTITUTION = {Computer Science Laboratory, SRI International},
  ADDRESS = {Menlo Park, CA}
}

@INPROCEEDINGS{FN79,
    author = {Richard J. Feiertag and Peter G. Neumann},
    title = {The foundations of a provably secure operating system (PSOS)},
    booktitle = {In Proceedings of the National Computer Conference},
    year = {1979},
    pages = {329--334},
    publisher = {AFIPS Press}
}

@inproceedings{HALM06,
 author = {Heitmeyer, Constance L. and Archer, Myla and Leonard, Elizabeth I. and McLean, John},
 title = {Formal specification and verification of data separation in a separation kernel for an embedded system},
 booktitle = {Proceedings of the 13th ACM conference on Computer and communications security},
 series = {CCS '06},
 year = {2006},
 isbn = {1-59593-518-5},
 location = {Alexandria, Virginia, USA},
 pages = {346--355},
 numpages = {10},
 url = {http://doi.acm.org/10.1145/1180405.1180448},
 doi = {10.1145/1180405.1180448},
 acmid = {1180448},
 publisher = {ACM},
 address = {New York, NY, USA},
 keywords = {code verification, formal model, formal specification, separation kernel, theorem proving}
}

@article{HALM08,
 author = {Heitmeyer, Constance and Archer, Myla and Leonard, Elizabeth and McLean, John},
 title = {Applying Formal Methods to a Certifiably Secure Software System},
 journal = {IEEE Trans. Softw. Eng.},
 issue_date = {January 2008},
 volume = {34},
 number = {1},
 month = jan,
 year = {2008},
 issn = {0098-5589},
 pages = {82--98},
 numpages = {17},
 url = {http://dx.doi.org/10.1109/TSE.2007.70772},
 doi = {10.1109/TSE.2007.70772},
 acmid = {1340715},
 publisher = {IEEE Press},
 address = {Piscataway, NJ, USA},
 keywords = {Formal methods, Software, Specification, Specification, security, verification, security kernels, tools, Formal methods, Software, software verification, security, security kernels, software verification, tools, verification}
}


@inproceedings{HH01,
 author = {Hohmuth, Michael and H\"{a}rtig, Hermann},
 title = {Pragmatic Nonblocking Synchronization for Real-Time Systems},
 booktitle = {Proceedings of the General Track: 2002 USENIX Annual Technical Conference},
 year = {2001},
 isbn = {1-880446-09-X},
 pages = {217--230},
 numpages = {14},
 publisher = {USENIX Association},
 address = {Berkeley, CA, USA}
}

@InProceedings{HT05,
  author =       {Hohmuth, M. and Tews, H.},
  title =        "{The VFiasco approach for a verified operating system}",
  booktitle = {Proceedings of the 2nd ECOOP Workshop on Programming Languages and Operating Systems},
  year =      {2005}
}

@article{K09,
	Author = {Gerwin Klein},
	Date-Added = {2012-10-31 15:08:28 +0000},
	Date-Modified = {2012-10-31 15:08:28 +0000},
	Journal = {USENIX ;login:},
	Month = dec,
	Number = 6,
	Pages = {28--34},
	Publisher = {USENIX},
	Title = {Correct OS Kernel? Proof? Done!},
	Volume = 34,
	Year = 2009}

@article{KAEHCDEEKNSTW10,
	Author = {Gerwin Klein and June Andronick and Kevin Elphinstone and Gernot Heiser and David Cock and Philip Derrin and Dhammika Elkaduwe and Kai Engelhardt and Rafal Kolanski and Michael Norrish and Thomas Sewell and Harvey Tuch and Simon Winwood},
	Date-Added = {2012-10-31 15:08:28 +0000},
	Date-Modified = {2012-10-31 15:08:28 +0000},
	Journal = {Communications of the ACM (CACM)},
	Month = jun,
	Number = 6,
	Pages = {107--115},
	Publisher = {ACM},
	Title = {{seL4}: Formal Verification of an {OS} Kernel},
	Volume = 53,
	Year = {2010}
}

@inproceedings{KW11,
 author = {Krebbers, Robbert and Wiedijk, Freek},
 title = {A formalization of the C99 standard in HOL, isabelle and Coq},
 booktitle = {Proceedings of the 18th Calculemus and 10th international conference on Intelligent computer mathematics},
 series = {MKM'11},
 year = {2011},
 isbn = {978-3-642-22672-4},
 location = {Bertinoro, Italy},
 pages = {301--303},
 numpages = {3},
 url = {http://dl.acm.org/citation.cfm?id=2032713.2032744},
 acmid = {2032744},
 publisher = {Springer-Verlag},
 address = {Berlin, Heidelberg}
}

@book{L02,
  author = {Leslie Lamport},
  title = {Specifying Systems, The TLA+ Language and Tools for Hardware and Software Engineers},
  publisher = {Addison-Wesley},
  year = {2002},
  isbn = {0-3211-4306-X}
}

@InProceedings{LW08,
  author = {L\"uth, Christoph  and Walter, Dennis},
  title = {Certifiable specification and verification of {C} programs},
  year = {2009},
  editor = {Ana Cavalcanti and Dennis Dams},
  booktitle = {Formal Methods (FM 2009)},
  publisher = {Springer},
  series = {Lecture Notes in Computer Science},
  volume = {5850},
  pages = {419--434}
}
@inproceedings{MB08,
  author    = {Leonardo Mendon\c{c}a de Moura and
               Nikolaj Bj{\o}rner},
  title     = {Z3: An Efficient SMT Solver},
  booktitle = {TACAS},
  year      = {2008},
  pages     = {337-340},
  ee        = {http://dx.doi.org/10.1007/978-3-540-78800-3_24},
  booktitle = {TACAS},
  publisher = {Springer},
  series    = {Lecture Notes in Computer Science},
  volume    = {4963},
  year      = {2008}
}

@INPROCEEDINGS{MWM03,
    author = {David Greve Matthew and Matthew Wilding and W. Mark Van Eet},
    title = {A Separation Kernel Formal Security Policy},
    booktitle = {In Proc. Fourth International Workshop on the ACL2 Theorem Prover and Its Applications},
    year = {2003}
}

@inproceedings { MMBGBSLGK13,
  author = "Toby Murray and Daniel Matichuk and Matthew Brassil and Peter Gammie and Timothy Bourke and Sean Seefried and Corey Lewis and Xin Gao and Gerwin Klein",
  month = "May",
  booktitle = "IEEE Symposium on Security and Privacy",
  year = "2013",
  title = "seL4: from General Purpose to a Proof of Information Flow Enforcement",
  address = "San Francisco, CA"
}

@article{PF78,
 author = {Popek, Gerald J. and Farber, David A.},
 title = {A model for verification of data security in operating systems},
 journal = {Commun. ACM},
 issue_date = {Sept. 1978},
 volume = {21},
 number = {9},
 month = sep,
 year = {1978},
 issn = {0001-0782},
 pages = {737--749},
 numpages = {13},
 doi = {10.1145/359588.359597},
 acmid = {359597},
 publisher = {ACM},
 address = {New York, NY, USA},
}

@MISC{PikeOS,
  author =       {Sysgo.com},
  title =        {PikeOS RTOS and Virtualization Concept},
  howpublished = {\url{http://www.sysgo.com/products/pikeos-rtos-and-virtualization-concept/}},
  year =         {2013},
  note =         {accessed 5 Nov 2013},
}


@inproceedings { AIR-II,
  author = "Jose Rufino and Joao Craveiro and Tobias Schoofs and Cassia Tatibana and James Windsor",
  month = "May",
  booktitle = "Eurospace DASIA 2009",
  year = "2009",
  title = "AIR Technology: a step towards ARINC 653 in space",
  address = "San Francisco, CA"
}

@article{PKKSUW79,
author = {Gerald J. Popek and Mark Kampe and Charles S. Kline and Allen Stoughton and Michael Urban and Evelyn J. Walton},
title = {UCLA Secure UNIX},
journal ={Managing Requirements Knowledge, International Workshop on},
volume = {0},
isbn = {},
year = {1979},
pages = {355},
doi = {http://doi.ieeecomputersociety.org/10.1109/AFIPS.1979.128},
publisher = {IEEE Computer Society},
address = {Los Alamitos, CA, USA},
}


@article{R81,
	Acmid = {806586},
	Address = {New York, NY, USA},
	Author = {Rushby, J. M.},
	Date-Added = {2012-10-31 15:08:28 +0000},
	Date-Modified = {2012-10-31 15:08:28 +0000},
	Doi = {10.1145/1067627.806586},
	Issn = {0163-5980},
	Issue_Date = {December 1981},
	Journal = {SIGOPS Oper. Syst. Rev.},
	Month = dec,
	Number = {5},
	Numpages = {10},
	Pages = {12--21},
	Publisher = {ACM},
	Title = {Design and verification of secure systems},
	Url = {http://doi.acm.org/10.1145/1067627.806586},
	Volume = {15},
	Year = {1981},
	Bdsk-Url-1 = {http://doi.acm.org/10.1145/1067627.806586},
	Bdsk-Url-2 = {http://dx.doi.org/10.1145/1067627.806586}}

@techreport{R99,
	Author = {John, Rushby},
	Date-Added = {2012-10-31 15:08:28 +0000},
	Date-Modified = {2012-10-31 15:08:28 +0000},
	Publisher = {NASA Langley Technical Report Server},
	Source = {http://www.ncstrl.org:8900/ncstrl/servlet/search?formname=detail\&id=oai%3ALTRS%3ANASA-99-cr209347},
	Title = {Partitioning in Avionics Architectures: Requirements, Mechanisms, and Assurance},
	Year = {1999}}

@conference{RD-01,
	Author = {A. Passos},
	Booktitle = {Critical Software, ADCSS 2009},
	Date-Added = {2012-10-31 15:08:28 +0000},
	Date-Modified = {2012-10-31 15:08:28 +0000},
	File = {:/Users/andrewbutterfield/Documents/Lero/ESA/Papers/RD-01.pdf:PDF},
	Owner = {andrewbutterfield},
	Timestamp = {2010.10.07},
	Title = {Assessing the Formal Development of a Secure Partitioning Kernel with the B Method},
	Year = {2009}}

@article{RD-02,
	Author = {Jim Alves-Foss and Paul W. Oman and Carol Taylor and Scott Harrison},
	Bibdate = {2008-01-10},
	Bibsource = {DBLP, http://dblp.uni-trier.de/db/journals/ijes/ijes2.html#Alves-FossOTH06},
	Date-Added = {2012-10-31 15:08:28 +0000},
	Date-Modified = {2012-10-31 15:08:28 +0000},
	Journal = {IJES},
	Number = {3/4},
	Pages = {239--247},
	Title = {The {MILS} architecture for high-assurance embedded systems},
	Url = {http://dx.doi.org/10.1504/IJES.2006.014859},
	Volume = {2},
	Year = {2006},
	Bdsk-Url-1 = {http://dx.doi.org/10.1504/IJES.2006.014859}}

@electronic{RD-03,
	Date-Added = {2012-10-31 15:08:28 +0000},
	Date-Modified = {2012-10-31 15:08:28 +0000},
	File = {:/Users/andrewbutterfield/Documents/Lero/ESA/Papers/RD-03.pdf:PDF},
	Organization = {Green Hills Software},
	Owner = {andrewbutterfield},
	Timestamp = {2010.10.07},
	Title = {INTEGRITY-178B RTOS},
	Url = {http://www.ghs.com/products/safety_critical/integrity-do-178b.html},
	Bdsk-Url-1 = {http://www.ghs.com/products/safety_critical/integrity-do-178b.html}}

@inproceedings{RD-04,
	Author = {Brian Randell and John M. Rushby},
	Bibdate = {2008-03-03},
	Bibsource = {DBLP, http://dblp.uni-trier.de/db/conf/acsac/acsac2007.html#RandellR07},
	Booktitle = {ACSAC},
	Crossref = {conf/acsac/2007},
	Date-Added = {2012-10-31 15:08:28 +0000},
	Date-Modified = {2012-10-31 15:08:28 +0000},
	File = {:/Users/andrewbutterfield/Documents/Lero/ESA/Papers/RD-04.pdf:PDF},
	Pages = {177--199},
	Publisher = {IEEE Computer Society},
	Title = {Distributed Secure Systems: Then and Now},
	Url = {http://doi.ieeecomputersociety.org/10.1109/ACSAC.2007.18},
	Year = {2007},
	Bdsk-Url-1 = {http://doi.ieeecomputersociety.org/10.1109/ACSAC.2007.18}}

@inproceedings{RD-05,
	Address = {Big Sky, MT},
	Author = {Gerwin Klein and Kevin Elphinstone and Gernot Heiser
            and June Andronick and David Cock and Philip Derrin
            and Dhammika Elkaduwe and Kai Engelhardt and Rafal Kolanski
            and Michael Norrish and Thomas Sewell and Harvey Tuch
            and Simon Winwood},
	Booktitle = {Proceedings of the 22nd Symposium on Operating Systems Principles (22nd SOSP'09), Operating Systems Review (OSR)},
	Date-Added = {2012-10-31 15:08:28 +0000},
	Date-Modified = {2012-10-31 15:08:28 +0000},
	File = {:/Users/andrewbutterfield/Documents/Lero/ESA/Papers/RD-05.pdf:PDF},
	Month = oct,
	Pages = {207--220},
	Publisher = {ACM SIGOPS},
	Title = {se{L4}: Formal verification of an {OS} kernel},
	Year = {2009}}

@inproceedings{RD-06,
	Author = {Christoph Baumann and Bernhard Beckert and Holger Blasum and Thorsten Bormer},
	Bibdate = {2009-09-06},
	Bibsource = {DBLP, http://dblp.uni-trier.de/db/conf/safecomp/safecomp2009.html#BaumannBBB09},
	Booktitle = {SAFECOMP},
	Date-Added = {2012-10-31 15:08:28 +0000},
	Date-Modified = {2012-10-31 15:08:28 +0000},
	Editor = {Bettina Buth and Gerd Rabe and Till Seyfarth},
	File = {:/Users/andrewbutterfield/Documents/Lero/ESA/Papers/RD-06.pdf:PDF},
	Isbn = {978-3-642-04467-0},
	Pages = {187--200},
	Publisher = {Springer},
	Series = {Lecture Notes in Computer Science},
	Title = {Formal Verification of a Microkernel Used in Dependable Software Systems},
	Url = {http://dx.doi.org/10.1007/978-3-642-04468-7},
	Volume = {5775},
	Year = {2009},
	Bdsk-Url-1 = {http://dx.doi.org/10.1007/978-3-642-04468-7}}

@techreport{RD-07,
	Author = {Common Criteria},
	Date-Added = {2012-10-31 15:08:28 +0000},
	Date-Modified = {2012-10-31 15:08:28 +0000},
	File = {:/Users/andrewbutterfield/Documents/Lero/ESA/Papers/RD-07-1.pdf:PDF;:/Users/andrewbutterfield/Documents/Lero/ESA/Papers/RD-07-2.pdf:PDF;:/Users/andrewbutterfield/Documents/Lero/ESA/Papers/RD-07-3.pdf:PDF},
	Institution = {Common Criteria},
	Number = {ISO/IEC 15408:2005},
	Owner = {andrewbutterfield},
	Title = {Common Criteria for Information Technology Security Evaluation, Version 2.3},
	Url = {http://www.commoncriteriaportal.org},
	Year = {2005},
	Bdsk-Url-1 = {http://www.commoncriteriaportal.org}}

@techreport{RD-08,
	Author = {Information Assurance Directorate},
	Date-Added = {2012-10-31 15:08:28 +0000},
	Date-Modified = {2012-10-31 15:08:28 +0000},
	File = {:/Users/andrewbutterfield/Documents/Lero/ESA/Papers/RD-08.pdf:PDF;:/Users/andrewbutterfield/Documents/Lero/ESA/Papers/RD-08-vr.pdf:PDF},
	Institution = {U.S. Government},
	Month = {June},
	Owner = {andrewbutterfield},
	Timestamp = {2010.10.07},
	Title = {Protection Profile for Separation Kernels in Environments Requiring High Robustness},
	Url = {http://www.niap-ccevs.org/cc-scheme/pp/pp_skpp_hr_v1.03.pdf},
	Year = {2007},
	Bdsk-Url-1 = {http://www.niap-ccevs.org/cc-scheme/pp/pp_skpp_hr_v1.03.pdf}}

@inproceedings{RD-09,
	Author = {Rance J. DeLong and Thuy D. Nguyen and Cynthia E. Irvine and Timothy E. Levin},
	Bibdate = {2008-03-03},
	Bibsource = {DBLP, http://dblp.uni-trier.de/db/conf/acsac/acsac2007.html#DeLongNIL07},
	Booktitle = {ACSAC},
	Crossref = {conf/acsac/2007},
	Date-Added = {2012-10-31 15:08:28 +0000},
	Date-Modified = {2012-10-31 15:08:28 +0000},
	File = {:/Users/andrewbutterfield/Documents/Lero/ESA/Papers/RD-09.pdf:PDF},
	Pages = {40--51},
	Publisher = {IEEE Computer Society},
	Title = {Toward a Medium-Robustness Separation Kernel Protection Profile},
	Url = {http://doi.ieeecomputersociety.org/10.1109/ACSAC.2007.48},
	Year = {2007},
	Bdsk-Url-1 = {http://doi.ieeecomputersociety.org/10.1109/ACSAC.2007.48}}

@techreport{RD-10,
	Author = {Systems Security Engineering, Information Assurance Directorate},
	Date-Added = {2012-10-31 15:08:28 +0000},
	Date-Modified = {2012-10-31 15:08:28 +0000},
	File = {:/Users/andrewbutterfield/Documents/Lero/ESA/Papers/RD-10.pdf:PDF},
	Institution = {National Security Agency},
	Month = {December},
	Number = {NSA SSE-100-1},
	Owner = {andrewbutterfield},
	Timestamp = {2010.10.07},
	Title = {Information Assurance Guidance for Systems Based on a Security Real-Time Operating System},
	Url = {http://www.nsa.gov/ia/_files/SSE-100-1.pdf},
	Year = {2005},
	Bdsk-Url-1 = {http://www.nsa.gov/ia/_files/SSE-100-1.pdf}}

@book{RD-11,
	Author = {Iain Craig},
	Date-Added = {2012-10-31 15:08:28 +0000},
	Date-Modified = {2012-10-31 15:08:28 +0000},
	Month = {July 25},
	Owner = {andrewbutterfield},
	Pages = {336},
	Publisher = {Springer},
	Timestamp = {2010.10.07},
	Title = {Formal Refinement for Operating System Kernels},
	Year = {2007}}

@standard{RD-19,
	Date-Added = {2012-10-31 15:08:28 +0000},
	Date-Modified = {2012-10-31 15:08:28 +0000},
	File = {:/Users/andrewbutterfield/Documents/Lero/ESA/Papers/RD-19.PDF:PDF},
	Institution = {European Space Agency},
	Organization = {ESA Board for Software Standardisation and Control (BSSC)},
	Owner = {andrewbutterfield},
	Revision = {Issue 1},
	Timestamp = {2010.10.07},
	Title = {C and C++ Coding Standards. BSSC(2000)1 Issue 1},
	Year = {2000}}

@standard{RD-20,
	Date-Added = {2012-10-31 15:08:28 +0000},
	Date-Modified = {2012-10-31 15:08:28 +0000},
	File = {:/Users/andrewbutterfield/Documents/Lero/ESA/Papers/RD-20.pdf:PDF},
	Institution = {European Space Agency},
	Organization = {ESA Board for Software Standardisation and Control (BSSC)},
	Owner = {andrewbutterfield},
	Revision = {Issue 1},
	Timestamp = {2010.10.07},
	Title = {Ada Coding Standard. BSSC(98)3 Issue 1},
	Year = {2000}}

@manual{RD-21,
	Author = {Miguel Masmano and Ismael Ripoll and Alfons Crespo and Vicent Brocal},
	Date-Added = {2012-10-31 15:08:28 +0000},
	Date-Modified = {2012-10-31 15:08:28 +0000},
	File = {:/Users/andrewbutterfield/Documents/Lero/ESA/Papers/RD-21.pdf:PDF},
	Month = {September},
	Organization = {Xtratum},
	Owner = {andrewbutterfield},
	Timestamp = {2010.10.07},
	Title = {XtratuM Hypervisor for LEON2 User Manual},
	Url = {http://www.xtratum.org/doc/dev/XM_usermanual_2.2.2.pdf},
	Year = {2009},
	Bdsk-Url-1 = {http://www.xtratum.org/doc/dev/XM_usermanual_2.2.2.pdf}}

@manual{RD-22,
	Author = {Miguel Masmano and Ismael Ripoll and Alfons Crespo and Patricia Balbastre},
	Date-Added = {2012-10-31 15:08:28 +0000},
	Date-Modified = {2012-10-31 15:08:28 +0000},
	File = {:/Users/andrewbutterfield/Documents/Lero/ESA/Papers/RD-22.pdf:PDF},
	Month = {October},
	Organization = {Xtratum},
	Owner = {andrewbutterfield},
	Timestamp = {2010.10.07},
	Title = {XtratuM Hypervisor for LEON2 Reference Manual},
	Url = {http://www.xtratum.org/doc/dev/XM_referencemanual_2.2.2.pdf},
	Year = {2009},
	Bdsk-Url-1 = {http://www.xtratum.org/doc/dev/XM_referencemanual_2.2.2.pdf}}

@manual{RD-23,
	Author = {Miguel Masmano and Ismael Ripoll and Alfons Crespo},
	Date-Added = {2012-10-31 15:08:28 +0000},
	Date-Modified = {2012-10-31 15:08:28 +0000},
	File = {:/Users/andrewbutterfield/Documents/Lero/ESA/Papers/RD-23.pdf:PDF},
	Month = {January},
	Organization = {Xtratum},
	Owner = {andrewbutterfield},
	Timestamp = {2010.10.07},
	Title = {XtratuM Hypervisor for LEON2 Design and implementation overview},
	Url = {http://www.xtratum.org/doc/dev/XM_DIO_2.1.0.pdf},
	Year = {2009},
	Bdsk-Url-1 = {http://www.xtratum.org/doc/dev/XM_DIO_2.1.0.pdf}}

@manual{RD-24,
	Author = {Miguel Masmano and Ismael Ripoll and Alfons Crespo},
	Date-Added = {2012-10-31 15:08:28 +0000},
	Date-Modified = {2012-10-31 15:08:28 +0000},
	File = {:/Users/andrewbutterfield/Documents/Lero/ESA/Papers/RD-23.pdf:PDF},
	Month = {January},
	Organization = {Xtratum},
	Owner = {andrewbutterfield},
	Timestamp = {2010.10.07},
	Title = {XtratuM hypervisor XtratuM design for LEON architecture},
	Url = {http://www.xtratum.org/doc/dev/xm2_leon_design.pdf},
	Year = {2009},
	Bdsk-Url-1 = {http://www.xtratum.org/doc/dev/xm2_leon_design.pdf}}


@InProceedings{conf/programm/Rushby82,
  title =	"Proof of separability: {A} verification technique for
		 a class of a security kernels",
  author =	"John M. Rushby",
  bibdate =	"2011-06-10",
  bibsource =	"DBLP,
		 http://dblp.uni-trier.de/db/conf/programm/programm1982.html#Rushby82",
  booktitle =	"International Symposium on Programming, 5th
		 Colloquium, Torino, Italy, April 6-8, 1982,
		 Proceedings",
  publisher =	"Springer",
  year = 	"1982",
  volume =	"137",
  editor =	"Mariangiola Dezani-Ciancaglini and Ugo Montanari",
  ISBN = 	"3-540-11494-7",
  pages =	"352--367",
  series =	"Lecture Notes in Computer Science",
  URL =  	"http://dx.doi.org/10.1007/3-540-11494-7_23",
}

@INPROCEEDINGS{SSNM04,
    author = {Jonathan Shapiro and  Michael Scott Doerrie and Eric Northup and Mark Miller},
    title = {Towards a verified, general-purpose operating system kernel},
    booktitle = {Proceedings of the NICTA Formal Methods Workshop on Operating Systems Verification 2004},
    year = {2004},
    pages = {1--19}
}

@inproceedings{SW00,
 author = {Shapiro, Jonathan S. and Weber, Sam},
 title = {Verifying the EROS Confinement Mechanism},
 booktitle = {Proceedings of the 2000 IEEE Symposium on Security and Privacy},
 series = {SP '00},
 year = {2000},
 isbn = {0-7695-0665-8},
 pages = {166--181},
 url = {http://dl.acm.org/citation.cfm?id=882494.884422},
 acmid = {884422},
 publisher = {IEEE Computer Society},
 address = {Washington, DC, USA},
 keywords = {operating systems, capability systems, proof of correctness, confinement, verification, formal specification},
}

@misc{SoW,
	Author = {{ESA}},
	Date-Added = {2012-10-31 15:08:28 +0000},
	Date-Modified = {2012-10-31 15:08:28 +0000},
	File = {:/Users/andrewbutterfield/Documents/Lero/ESA/Tender/SoW v15.pdf:PDF},
	Howpublished = {Statement of Work (TEC-SW/09-301/SoW)},
	Month = {September},
	Note = {Issue: 1, Revision r0},
	Owner = {gb},
	Timestamp = {2010.04.21},
	Title = {Method and tools for On-Board software engineering},
	Year = {2010}}

@phdthesis{T08,
    school           = {School of Computer Science and Engineering},
    author           = {Harvey Tuch},
    title            = {Formal Memory Models for Verifying {C} Systems Code},
    year             = {2008},
    month            = {Aug},
    address          = {University of NSW, Sydney 2052, Australia},
    type             = {{PhD} Thesis}
  }

@inproceedings{TKN07,
    publisher        = {ACM},
    title            = {Types, Bytes, and Separation Logic},
    booktitle        = {Proceedings of the 34th ACM SIGPLAN-SIGACT Symposium on Principles of Programming Languages},
    author           = {Harvey Tuch and Gerwin Klein and Michael Norrish},
    year             = {2007},
    month            = {Jan},
    editor           = {Martin Hofmann and Matthias Felleisen},
    address          = {Nice, France},
    pages            = {97--108}
  }


	@misc{TLALicense,
  howpublished = "{http://research.microsoft.com/en-us/downloads/1ad1d204-3a9e-4d8e-ad52-5809ef1b0b76/TLA\%20Toolbox\%20EULA\%20(2010-01-08)\%20updated\%20DRAFT\%20(plain\%20text).txt}"
}




@mastersthesis{V09,
	Author = {Andrius Velykis},
	Date-Added = {2012-10-31 15:08:28 +0000},
	Date-Modified = {2012-10-31 15:08:28 +0000},
	Month = {September},
	School = {Department of Computer Science, University of York, UK},
	Title = {Formal Modelling of Separation Kernels},
	Url = {http://andrius.velykis.lt/publications/Velykis09.pdf},
	Year = {2009},
	Bdsk-Url-1 = {http://andrius.velykis.lt/publications/Velykis09.pdf}
}

@INPROCEEDINGS{O06,
  author = {Oliver, Ian},
  title = {A Demonstration of Specifying and Synthesising Hardware using {B} and Bluespec},
  booktitle = {Forum on Specification and Design Languages},
  year = {2006},
  keywords = {BHDL, bluespec, hardware, codesign},
  url = {http://rodin.cs.ncl.ac.uk/Publications/},
  address = {Darmstadt},
  month = SEP,
  organization = {European Electronic Chips \& Systems design Initiative}
}

	@misc{VCCLicense,
  howpublished = "{http://vcc.codeplex.com/license}"
}


@inproceedings{VF10,
	Author = {Andrius Velykis and Leo Freitas},
	Booktitle = {Theoretical Aspects of Computing - {ICTAC} 2010, 7th International Colloquium, Natal, Rio Grande do Norte, Brazil, September 1-3, 2010. Proceedings},
	Date-Added = {2012-10-31 15:08:28 +0000},
	Date-Modified = {2012-10-31 15:08:28 +0000},
	Editor = {Ana Cavalcanti and David D{\'e}harbe and Marie-Claude Gaudel and Jim Woodcock},
	Isbn = {978-3-642-14807-1},
	Pages = {230--244},
	Publisher = {Springer},
	Series = {Lecture Notes in Computer Science},
	Title = {Formal Modelling of Separation Kernel Components},
	Url = {http://dx.doi.org/10.1007/978-3-642-14808-8},
	Volume = {6255},
	Year = {2010},
	Bdsk-Url-1 = {http://dx.doi.org/10.1007/978-3-642-14808-8}
}

@inproceedings{VG07,
 author = {Verhulst, Eric and De Jong, Gjalt},
 title = {OpenComRTOS: an ultra-small network centric embedded RTOS designed using formal modeling},
 booktitle = {Proceedings of the 13th international SDL Forum conference on Design for dependable systems},
 series = {SDL'07},
 year = {2007},
 isbn = {3-540-74983-7, 978-3-540-74983-7},
 location = {Paris, France},
 pages = {258--271},
 numpages = {14},
 url = {http://dl.acm.org/citation.cfm?id=1779934.1779955},
 acmid = {1779955},
 publisher = {Springer-Verlag},
 address = {Berlin, Heidelberg}
}

@article{WKPG80,
 author = {Popek, Gerald J. and Farber, David A.},
 title = {A model for verification of data security in operating systems},
 journal = {Commun. ACM},
 issue_date = {Sept. 1978},
 volume = {21},
 number = {9},
 month = sep,
 year = {1978},
 issn = {0001-0782},
 pages = {737--749},
 numpages = {13},
 url = {http://doi.acm.org/10.1145/359588.359597},
 doi = {10.1145/359588.359597},
 acmid = {359597},
 publisher = {ACM},
 address = {New York, NY, USA},
 keywords = {operating systems, program verification, protection, security}
}

@InProceedings{conf/itp/GreenawayAK12,
  title =	"Bridging the Gap: Automatic Verified Abstraction of
		 {C}",
  author =	"David Greenaway and June Andronick and Gerwin Klein",
  bibdate =	"2012-08-14",
  bibsource =	"DBLP,
		 http://dblp.uni-trier.de/db/conf/itp/itp2012.html#GreenawayAK12",
  booktitle =	"Interactive Theorem Proving - Third International
		 Conference, {ITP} 2012, Princeton, {NJ}, {USA}, August
		 13-15, 2012. Proceedings",
  publisher =	"Springer",
  year = 	"2012",
  volume =	"7406",
  editor =	"Lennart Beringer and Amy P. Felty",
  ISBN = 	"978-3-642-32346-1",
  pages =	"99--115",
  series =	"Lecture Notes in Computer Science",
  URL =  	"http://dx.doi.org/10.1007/978-3-642-32347-8",
}

@inproceedings{DBLP:conf/itp/ChapmanS14,
  author    = {Roderick Chapman and
               Florian Schanda},
  title     = {Are We There Yet? 20 Years of Industrial Theorem Proving with {SPARK}},
  booktitle = {Interactive Theorem Proving - 5th International Conference, {ITP}
               2014, Held as Part of the Vienna Summer of Logic, {VSL} 2014, Vienna,
               Austria, July 14-17, 2014. Proceedings},
  pages     = {17--26},
  year      = {2014},
  crossref  = {DBLP:conf/itp/2014},
  url       = {http://dx.doi.org/10.1007/978-3-319-08970-6_2},
  doi       = {10.1007/978-3-319-08970-6_2},
  timestamp = {Mon, 30 Jun 2014 12:31:04 +0200},
  biburl    = {http://dblp.uni-trier.de/rec/bib/conf/itp/ChapmanS14},
  bibsource = {dblp computer science bibliography, http://dblp.org}
}
@proceedings{DBLP:conf/itp/2014,
  editor    = {Gerwin Klein and
               Ruben Gamboa},
  title     = {Interactive Theorem Proving - 5th International Conference, {ITP}
               2014, Held as Part of the Vienna Summer of Logic, {VSL} 2014, Vienna,
               Austria, July 14-17, 2014. Proceedings},
  series    = {Lecture Notes in Computer Science},
  volume    = {8558},
  publisher = {Springer},
  year      = {2014},
  url       = {http://dx.doi.org/10.1007/978-3-319-08970-6},
  doi       = {10.1007/978-3-319-08970-6},
  isbn      = {978-3-319-08969-0},
  timestamp = {Mon, 30 Jun 2014 12:25:01 +0200},
  biburl    = {http://dblp.uni-trier.de/rec/bib/conf/itp/2014},
  bibsource = {dblp computer science bibliography, http://dblp.org}
}

@TECHREPORT{IMAKQP-D02,
  AUTHOR =       {Alexandre Cortier},
  TITLE =        {D02: {P}artitioning {K}ernel {R}equirements {B}aseline},
  INSTITUTION =  {{AIRBUS} Defence and Space SAS},
  YEAR =         {2015},
  number =       {Version 1.2.0},
  note =         {{ESTEC} Contract No. 4000111495/14/NL/GLC/al},
}

@MASTERSTHESIS{KH-MCS2016,
  author =       {Kevin Hennessy},
  title =        {Investigating {I}nterrupts in the {X}tratum {H}ypervisor using {CSP}},
  school =       {Computer Science and Statistics, Trinity College Dublin},
  year =         {2016},
  type =         {{M}aster in {C}omputer {S}cience ({MCS})},
  address =      {O'Reilly Institute, Trinity College, Dublin 2, Ireland},
  month =        {May},
}

@MASTERSTHESIS{Costelloe17,
  AUTHOR =       {Ciaran Costelloe},
  TITLE =        {Modelling {S}pace {S}oftware with {H}askell},
  SCHOOL =  { Computer Science and Statistics
                 , Trinity College Dublin},
  TYPE =  {Final Year Project Report},
  YEAR =         {2017},
}

@inproceedings{FosterZW14,
  author    = {Simon Foster and
               Frank Zeyda and
               Jim Woodcock},
  title     = {Isabelle/UTP: {A} Mechanised Theory Engineering Framework},
  booktitle = {Unifying Theories of Programming - 5th International Symposium, {UTP}
               2014, Singapore, May 13, 2014, Revised Selected Papers},
  pages     = {21--41},
  year      = {2014},
  series    = {Lecture Notes in Computer Science},
  volume    = {8963},
  publisher = {Springer},
}

@INPROCEEDINGS{WC01,
  author = {J.~C.~P.~Woodcock and A.~L.~C.~Cavalcanti},
  title = {A Concurrent Language for Refinement},
  booktitle = {IWFM'01:~5th Irish Workshop in Formal Methods},
  year = {2001},
  editor = {A.~Butterfield and C. Pahl},
  series = {BCS Electronic Workshops in Computing},
  address = {Dublin, Ireland},
  month = {July},
  group = {refinement-calculus},
}

@ARTICLE{OCW2007,
        AUTHOR             = {M. V. M. Oliveira and A. L. C. Cavalcanti and J. C. P. Woodcock},
        BOOKTITLE          = {{Formal Aspects of Computing}},
        JOURNAL            = {Formal Aspects of Computing},
        VOLUME             = {{21}},
        NUMBER             = {1},
        PAGES              = {3 -- 32},
        PUBLISHER          = {Springer-Verlag},
        TITLE              = {{A UTP Semantics for {Circus}}},
        YEAR               = {2007},
}

@BOOK{UTP-book,
  title = {Unifying Theories of Programming},
  publisher = {Prentice-Hall},
  year = {1998},
  author = {C. A. R. Hoare and Jifeng He},
}
