
@TECHREPORT{MTOBSE-D03,
  AUTHOR =       {A. Butterfield and D. Sanan},
  TITLE =        {D03: {R}eference specification for a partitioning kernel and a separation kernel},
  INSTITUTION =  {Lero},
  YEAR =         {2013},
  number =       {Version 8.1},
  note =         {{ESTEC} Contract No. 4000106016, comprising 3 documents: SRS, ADD, ICD},
}



@TECHREPORT{MTOBSE-SRS,
  AUTHOR =       {A. Butterfield and D. Sanan},
  TITLE =        {{S}oftware {R}equirement {S}pecification {(MTOBSE D03i4 - SRS)}},
  INSTITUTION =  {Lero},
  YEAR =         {2013},
  number =       {Version 8.1},
  note =         {{ESTEC} Contract No. 4000106016},
}

@TECHREPORT{MTOBSE-ADD,
  AUTHOR =       {A. Butterfield and D. Sanan},
  TITLE =        {{A}rchitectural {D}esign {D}ocument {(MTOBSE D03i4 - ADD)}},
  INSTITUTION =  {Lero},
  YEAR =         {2013},
  number =       {Version 8.1},
  note =         {{ESTEC} Contract No. 4000106016},
}

@TECHREPORT{MTOBSE-ICD,
  AUTHOR =       {A. Butterfield and D. Sanan},
  TITLE =        {{I}nterface {C}ontrol {D}ocument {(MTOBSE D03i4 - ICD)}},
  INSTITUTION =  {Lero},
  YEAR =         {2013},
  number =       {Version 8.1},
  note =         {{ESTEC} Contract No. 4000106016},
}

@TECHREPORT{MTOBSE-D04,
  AUTHOR =       {A. Butterfield and D. Sanan},
  TITLE =        {D04: {T}ask 3: {A} formal verification process: approaches; feasibility; cost},
  INSTITUTION =  {Lero},
  YEAR =         {2013},
  number =       {Version 4.0},
  note =         {{ESTEC} Contract No. 4000106016},
}

@TECHREPORT{MTOBSE-D06,
  AUTHOR =       {A. Butterfield and D. Sanan},
  TITLE =        {D06: {E}valuation of formal language,
                        formal methods and modelling languages suitable
                        for implementing an abstract specification},
  INSTITUTION =  {Lero},
  YEAR =         {2013},
  number =       {Version 1.0},
  note =         {{ESTEC} Contract No. 4000106016},
}

@TECHREPORT{MTOBSE-D07,
  AUTHOR =       {A. Butterfield and D. Sanan},
  TITLE =        {D07: {A}bstract {S}pecification},
  INSTITUTION =  {Lero},
  YEAR =         {2013},
  number =       {Version 4.0},
  note =         {{ESTEC} Contract No. 4000106016},
}

@TECHREPORT{MTOBSE-D08,
  AUTHOR =       {A. Butterfield and D. Sanan},
  TITLE =        {D08: {A}ssessment of the formal verification process},
  INSTITUTION =  {Lero},
  YEAR =         {2013},
  number =       {Version 2.0},
  note =         {{ESTEC} Contract No. 4000106016},
}

@inproceedings {MTOBSE-DASIA13,
  author = "A. Butterfield and D. Sanan and M. Hinchey",
  month = "May",
  booktitle = "DASIA 2013, The International Space System Engineering Conference",
  year = "2013",
  title = "Towards Formal Verification of a Separation Microkernel",
  publisher = "ASD-Eurospace",
  address = "Porto"
}

@inproceedings {MTOBSE-DASIA14,
  author = "A. Butterfield and D. Sanan and M. Hinchey",
  month = "June",
  booktitle = "DASIA 2014, The International Space System Engineering Conference",
  year = "2014",
  title = "Formalisation of a separation micro-kernel for common criteria certification",
  publisher = "ASD-Eurospace",
  address = "Warszawa"
}

@inproceedings { FMEIMAKQP-DASIA15,
  author = "A. Butterfield and M. Hinchey",
  month = "June",
  booktitle = "DASIA 2015, The International Space System Engineering Conference",
  year = "2015",
  title = "Towards the adoption of formal techniques for kernel qualification",
  publisher = "ASD-Eurospace",
  address = "Barcelona"
}

@inproceedings { FMEIMAKQP-DASIA16,
  author = "A. Butterfield and A. Cortier and K. Hennessy and M. Hinchey",
  month = "JUNE",
  booktitle = "DASIA 2016, The International Space System Engineering Conference",
  year = "2016",
  title = "Towards formal verification of interrupts and hypercalls",
  publisher = "ASD-Eurospace",
  address = "Tallinn"
}

@inproceedings { Lero-DASIA17,
  author = "A. Butterfield and Ciaran Costelloe.",
  month = "JUNE",
  booktitle = "DASIA 2017, The International Space System Engineering Conference",
  year = "2017",
  title = "Domain-Specific Languages for Requirements Modelling
              (with a focus on IMA Separation Kernels)",
  publisher = "ASD-Eurospace",
  address = "Gothenborg"
}


@techreport{ECSS-Q-ST-80C,
	Author = {{ECSS}},
	Date-Added = {2012-10-31 15:08:28 +0000},
	Date-Modified = {2012-10-31 15:08:28 +0000},
	Institution = {{ECSS}},
	Owner = {gb},
	Timestamp = {2010.04.21},
	Title = {Space product assurance (ECSS-Q-ST-80C)},
	Year = {2009}}


@TECHREPORT{IMAKQP-D02,
  AUTHOR =       {Alexandre Cortier},
  TITLE =        {D02: {P}artitioning {K}ernel {R}equirements {B}aseline},
  INSTITUTION =  {{AIRBUS} Defence and Space SAS},
  YEAR =         {2015},
  number =       {Version 1.2.0},
  note =         {{ESTEC} Contract No. 4000111495/14/NL/GLC/al},
}
